<?xml version="1.0" encoding="UTF-8"?><collection xmlns="http://www.loc.gov/MARC21/slim"><record><leader>00359nam--2200133-i-4500</leader><controlfield tag="001">000010800</controlfield><controlfield tag="002">20161230</controlfield><controlfield tag="005">20161230201029</controlfield><controlfield tag="008">060222s1000------------r-----000-0-eng-d</controlfield><datafield ind1=" " ind2=" " tag="080"><subfield code="a">539.1.001.1(047)</subfield></datafield><datafield ind1=" " ind2=" " tag="245"><subfield code="a">Compilation of on-going research projects</subfield></datafield><datafield ind1=" " ind2=" " tag="260"><subfield code="a">Columbus, Ohio, Nuscience Publications, 1972. 205 P</subfield></datafield><datafield ind1=" " ind2=" " tag="700"><subfield code="a">Doron, Ted A</subfield></datafield><datafield ind1=" " ind2=" " tag="852"><subfield code="a">D1303</subfield></datafield></record></collection>